@BOOK{Book:REST,
   AUTHOR  = "Leonard Richardson and Sam Ruby",
   TITLE   = "{RESTful Web Services}",
   PUBLISHER = "O'REILLY MEDIA",
   YEAR = 2007
  }
  
  @BOOK{Book:DB,
  	AUTHOR  = "Prof. Dr. Alfons Kemper and Dr. Andre Eickler",
   	TITLE   = "{Datenbanksysteme - Eine Einfuehrung}",
   	PUBLISHER = "Oldenbourg Verlag Muenchen",
  	YEAR = 2009
  }
  
  @BOOK{Book:SOA,
  	AUTHOR  = "Thomas Erl",
   	TITLE   = "{SOA - Entwurfsprinzipien f\"ur serviceorientierte Architektur}",
   	PUBLISHER = "Addison-Wesley Verlag",
  	YEAR = 2008
  }
  
  @BOOK{Book:java,
  	AUTHOR  = "Robert Liguori and Patricia Liguori and Lars Schulten",
   	TITLE   = "{Java - kurz und gut}",
   	PUBLISHER = "O'REILLY MEDIA",
  	YEAR = 2008
  }
  
@PHDTHESIS{phd:REST,
	TYPE = {dissertation},
	AUTHOR = "Roy Thomas Fielding",
	TITLE = "{Architectural Styles and the Design of Network-based Software Architectures}",
	SCHOOL = "UNIVERSITY OF CALIFORNIA, IRVINE",
	YEAR = 2000,
	URL = {http://www.ics.uci.edu/~fielding/pubs/dissertation/top.htm},
}


@ONLINE{Url:TLabs,
  AUTHOR = {TLabs},
  TITLE = {TLabs - Ueber uns},
  YEAR = 2013,
  URL = {http://www.laboratories.telekom.com/public/Deutsch/ueber_uns},
  URLDATE = {2013-06-04}
}

@ONLINE{Url:w3,
	AUTHOR = {David Booth and Hugo Haas and Francis McCabe and Eric Newcomer andMichael Champion and Chris Ferris and David Orchard},
	TITLE = {Web Services Architecture},
	URL = {http://www.w3.org/TR/ws-arch/#whatis},
	URLDATE = {2013-06-07}
}


@ONLINE{Url:w3-soa,
	AUTHOR = {David Booth and Hugo Haas and Francis McCabe and Eric Newcomer andMichael Champion and Chris Ferris and David Orchard},
	TITLE = {Web Services Architecture - SOA},
	URL = {http://www.w3.org/TR/ws-arch/#service_oriented_architecture},
	URLDATE = {2013-06-14}
}

@ONLINE{Url:soa-dkb,
	AUTHOR = {Douglas Barry},
	TITLE = {Service-Oriented Architecture (SOA) Definition},
	URL = {http://www.service-architecture.com/web-services/articles/service-oriented_architecture_soa_definition.html},
	URLDATE = {2013-06-14}
}

@ONLINE{Url:servlet-java,
	AUTHOR = {Oracle},
	TITLE = {Java Servlet Technology Overview},
	URL = {http://www.oracle.com/technetwork/java/overview-137084.html},
	URLDATE = {2013-06-15}
}


@ONLINE{Url:servlet-doc,
	AUTHOR = {Oracle},
	TITLE = {Javadoc - Interface Servlet},
	URL = {http://docs.oracle.com/javaee/5/api/javax/servlet/Servlet.html},
	URLDATE = {2013-06-15}
}

@ONLINE{Url:servlet-tutorial,
	AUTHOR = {Wolfram Rittmeyer},
	TITLE = {Anhang II: Servlets - Die Grundlagen},
	URL = {http://www.jsptutorial.org/content/appendix_II},
	URLDATE = {2013-06-15}
}

@ONLINE{Url:jax-rs,
	AUTHOR = {Marek Potociar and Oracle},
	TITLE = {JSR 311: JAX-RS: The JavaTM API for RESTful Web Services},
	URL = {http://jcp.org/en/jsr/detail?id=311},
	URLDATE = {2013-06-16}
}

@ONLINE{Url:javaee-tutorial,
	AUTHOR = {Oracle},
	TITLE = {Chapter 20 - Building RESTful Web Services with JAX-RS},
	URL = {http://docs.oracle.com/javaee/6/tutorial/doc/giepu.html},
	URLDATE = {2013-06-16}
}

@ONLINE{Url:restlet-faq,
	AUTHOR = {Dave Pawson},
	TITLE = {Discover Restlet Framework},
	URL = {http://restlet.org/discover/faq},
	URLDATE = {2013-06-16}
}

@ONLINE{Url:gson-lib,
	AUTHOR = {Unbekannt},
	TITLE = {GSON - Library},
	URL = {https://code.google.com/p/google-gson/},
	URLDATE = {2013-06-19}
}

@ONLINE{Url:json-rfc,
	AUTHOR = {D. Crockford},
	TITLE = {JSON - RFC},
	URL = {http://www.ietf.org/rfc/rfc4627.txt},
	YEAR = 2006,
	URLDATE = {2013-06-19}
}


@ONLINE{Url:produces,
	AUTHOR = {Oracle},
	TITLE = {The @Produces Annotation},
	URL = {http://docs.oracle.com/cd/E19226-01/820-7627/gipxf/index.html},
	URLDATE = {2013-06-21}
}

@ONLINE{Url:moccha,
	AUTHOR = {TLabs},
	TITLE = {Moccha - Homepage},
	URL = {http://moccha.org/},
	URLDATE = {2013-06-21}
}

@ONLINE{Url:eer-model,
	AUTHOR = { Ramez Elmasri and Shamkant Navathe },
	TITLE = {Chapter 8 - The Enhanced EntityRelationship (EER) Model },
	URL = {http://tinman.cs.gsu.edu/~raj/4710/f11/Ch08.pdf},
	URLDATE = {2013-06-26}
}

@ONLINE{Url:rmm-martinFowler,
	AUTHOR = {Martin Fowler},
	TITLE = {Richardson Maturity Model},
	URL = {http://martinfowler.com/articles/richardsonMaturityModel.html},
	URLDATE = {2013-06-28}
}

@ONLINE{Url:rmm-restCookBook,
	AUTHOR = {Joshua Thijssen},
	TITLE = {The RESTful CookBook - What is the Richardson Maturity Model?},
	URL = {http://restcookbook.com/Miscellaneous/richardsonmaturitymodel/},
	URLDATE = {2013-06-28}
}


@ONLINE{Url:DB-dbs,
	AUTHOR = { Hector Garcia-Molina and Jeff Ullman and Jennifer Widom},
	TITLE = {Database Systems: The Complete Book - Chapter 1},
	URL = {http://infolab.stanford.edu/~ullman/fcdb/ch1.pdf},
	URLDATE = {2013-07-22}
}

@BOOK{Book:Oxford,
  	AUTHOR  = {Sally Wehmeier and Colin McIntosh and Joanna Turnbull and Michael Ashby},
   	TITLE   = "{Oxford Advanced Learner's Dictionary of Current English}",
   	PUBLISHER = "OXFORD UNIVERSITY PRESS",
  	YEAR = 2005
 }
 
 
@ONLINE{Url:MySQL,
	AUTHOR = {Oracle},
	TITLE = {MySQL - Chapter 1. General Information},
	URL = {http://dev.mysql.com/doc/refman/4.1/en/introduction.html},
	URLDATE = {2013-07-22}
}

@ONLINE{Url:MySQL-features,
	AUTHOR = {Oracle},
	TITLE = {1.3.2. The Main Features of MySQL},
	URL = {http://dev.mysql.com/doc/refman/4.1/en/features.html},
	URLDATE = {2013-07-22}
}

@ONLINE{Url:MySQL-dbms,
	AUTHOR = {Oracle},
	TITLE = {1.3.1. What is MySQL?},
	URL = {http://dev.mysql.com/doc/refman/4.1/en/what-is-mysql.html},
	URLDATE = {2013-07-22}
}


@ONLINE{Url:Hibernate,
	AUTHOR = {JBoss},
	TITLE = {Hibernate Documentation},
	URL = {http://docs.jboss.org/hibernate/orm/4.2/devguide/en-US/html/},
	URLDATE = {2013-07-22}
}


@ONLINE{Url:Glassfish,
	AUTHOR = {Oracle},
	TITLE = {Glassfish Application Server},
	URL = {https://glassfish.java.net/de/public/users.html},
	URLDATE = {2013-07-22}
}

@ONLINE{Url:JBoss,
	AUTHOR = {JBoss},
	TITLE = {JBoss Application Server 7},
	URL = {http://www.jboss.org/jbossas},
	URLDATE = {2013-07-22}
}

@ONLINE{Url:Netbeans,
	AUTHOR = {Oracle},
	TITLE = {NetBeans IDE - The Smarter and Faster Way to Code},
	URL = {https://netbeans.org/features/index.html},
	URLDATE = {2013-07-22}
}


@ONLINE{Url:Maven,
	AUTHOR = {Apache Maven},
	TITLE = {Maven in 5 Minutes},
	URL = {http://maven.apache.org/guides/getting-started/maven-in-five-minutes.html},
	URLDATE = {2013-07-22}
}

@ONLINE{Url:Git,
	AUTHOR = {Git},
	TITLE = {Git - About},
	URL = {http://git-scm.com/about},
	URLDATE = {2013-07-22}
}

@ONLINE{Url:Jersey,
	AUTHOR = {Oracle},
	TITLE = {Jersey 2.0 Dokumentation},
	URL = {https://jersey.java.net/documentation/2.0/index.html},
	URLDATE = {2013-06-16}
}

@ONLINE{Url:RESTeasy,
	AUTHOR = {JBoss},
	TITLE = {RESTeasy 2.3.6 Final Dokumentation},
	URL = {http://docs.jboss.org/resteasy/docs/2.3.6.Final/userguide/html_single/index.html},
	URLDATE = {2013-06-16}
}

@ONLINE{Url:RESTlet,
	AUTHOR = {Restlet},
	TITLE = {Restlet Dokumentation},
	URL = {http://restlet.org/learn/tutorial/0.0},
	URLDATE = {2013-06-16}
}

@ONLINE{Url:CXF,
	AUTHOR = {Apache},
	TITLE = {Apache CXF Dokumentation},
	URL = {http://cxf.apache.org/docs/index.html},
	URLDATE = {2013-06-16}
}

@ONLINE{Url:DataNucleus,
	AUTHOR = {DataNucleus},
	TITLE = {Data Nucleus Dokumentation},
	URL = {http://www.datanucleus.org/products/datanucleus/index.html},
	URLDATE = {2013-07-25}
}

@ONLINE{Url:JSR-JPA,
	AUTHOR = {Linda DeMichiel},
	TITLE = {JSR 338: JavaTM Persistence 2.1},
	URL = {http://jcp.org/en/jsr/detail?id=338},
	URLDATE = {2013-07-25}
}

@ONLINE{Url:JSR-JDO,
	AUTHOR = {Craig Russell},
	TITLE = {JSR 243: JavaTM Data Objects 2.0 - An Extension to the JDO specification},
	URL = {http://jcp.org/en/jsr/detail?id=243},
	URLDATE = {2013-07-25}
}

@ONLINE{Url:JSR-BEANS,
	AUTHOR = {Linda DeMichiel and Mike Keith},
	TITLE = {JSR 220: Enterprise JavaBeansTM 3.0},
	URL = {http://jcp.org/en/jsr/detail?id=220},
	URLDATE = {2013-07-25}
}
@ONLINE{Url:performance-ORM,
    AUTHOR = {{ObjectDB Software Ltd.}},
	TITLE = {Comparison of DataNucleus with MySQL server vs Hibernate with MySQL server},
	URL = {http://www.jpab.org/DataNucleus/MySQL/server/Hibernate/MySQL/server.html},
	URLDATE = {2013-07-25}
}

@ONLINE{Url:MIME-rfc,
	AUTHOR = {N. Freed and Innosoft and N. Borenstein},
	TITLE = { Multipurpose Internet Mail Extensions (MIME) Part Two: Media Types},
	URL = {http://www.ietf.org/rfc/rfc2046.txt},
	YEAR = 1996,
	URLDATE = {2013-07-27}
}


@ONLINE{Url:XML-rfc,
	AUTHOR = {M. Murata and IBM Tokyo Research Laboratory and S. St.Laurent and  simonstl.com and D. Kohn and Skymoon Ventures},
	TITLE = {XML Media Types - RFC},
	URL = {http://www.rfc-editor.org/rfc/rfc3023.txt},
	YEAR = 2001,
	URLDATE = {2013-07-28}
}                                    
                                                        

@ONLINE{Url:W3C-XML,
	AUTHOR = {Tim Bray and Jean Paoli and C. M. Sperberg-McQueen and Eve Maler and Fran√ßois Yergeau},
	TITLE = {Extensible Markup Language (XML) 1.0 (Fifth Edition)},
	URL = {http://www.w3.org/TR/REC-xml/},
	YEAR = 2008,
	URLDATE = {2013-07-28}
}               

